<record><leader>00000cas a22000007a 4500</leader><controlfield tag="001">20682757</controlfield><controlfield tag="008">891121d19861986lauwr ne      0    0eng d</controlfield><datafield ind1=" " ind2=" " tag="010"><subfield code="a">sn 89059450 </subfield></datafield><datafield ind1=" " ind2=" " tag="040"><subfield code="a">LNP</subfield><subfield code="b">eng</subfield><subfield code="c">LNP</subfield><subfield code="d">OCLCQ</subfield></datafield><datafield ind1=" " ind2=" " tag="042"><subfield code="a">msc</subfield></datafield><datafield ind1="0" ind2="4" tag="245"><subfield code="a">The midweek-journal.</subfield></datafield><datafield ind1=" " ind2=" " tag="260"><subfield code="a">Rayville, La. :</subfield><subfield code="b">J.L. Walters</subfield></datafield><datafield ind1=" " ind2=" " tag="300"><subfield code="a">v.</subfield></datafield><datafield ind1=" " ind2=" " tag="310"><subfield code="a">Weekly</subfield></datafield><datafield ind1="0" ind2=" " tag="362"><subfield code="a">Vol. 1, no. 21 (Sept. 10, 1986)-v. 1, no. 23 (Sept. 24, 1986).</subfield></datafield><datafield ind1=" " ind2=" " tag="752"><subfield code="a">United States</subfield><subfield code="b">Louisiana</subfield><subfield code="c">Richland</subfield><subfield code="d">Rayville.</subfield></datafield><datafield ind1="0" ind2=" " tag="775"><subfield code="t">Journal (Rayville, La.)</subfield><subfield code="w">(DLC)sn 89059435</subfield></datafield><datafield ind1="0" ind2="0" tag="780"><subfield code="t">Midweek (Rayville, La.)</subfield><subfield code="w">(DLC)sn 89059449</subfield></datafield></record>